3890 5220
354 463 557 574 tittitm
574 460 834 610 Opuscuio
845 465 1078 574 nonnulla
1090 459 1389 574 exciderunt
1402 468 1528 574 cirta
1540 457 1754 578 demon}

356 612 641 738 strationem
666 607 835 714 asserta
853 639 877 738 ·,
902 607 1205 715 Geometriae
1230 640 1395 716 tamen
1416 643 1433 744 ’,
1456 648 1519 718 ac
1542 610 1756 756 Physica

352 753 709 894 promovendae
722 750 1436 894 piurimirmin'teteffeputavi,
1459 783 1515 861 ot
1529 755 1755 863 ornanda

304 923 306 927 ’
350 907 455 1008 hac
468 897 813 1006 Th'eoremata
836 894 901 1002 ad
914 893 1215 1036 Logisticam
1234 899 1537 1037 pertinentia
1549 896 1760 1009 tandem

350 1040 811 1150 demonstrarentur
838 1115 852 1167 ,
877 1042 907 1144 ”e
931 1034 1107 1181 quibus
1133 1115 1147 1164 ,
1169 1037 1598 1187 quemadmodum
1634 1041 1754 1172 ina,

309 1225 311 1228 ·
350 1220 468 1326 quas
489 1184 632 1328 ‘sopra
657 1217 723 1290 ex
741 1181 980 1319 Hugenio
1006 1179 1263 1286 laudabam
1292 1261 1305 1312 ,
1333 1186 1401 1290 ita
1419 1185 1520 1291 aliae
1541 1264 1556 1315 ,
1580 1191 1632 1292 de
1654 1181 1756 1292 alite

349 1325 721 1470 Pby'losopbicae
744 1315 999 1434 Veritates
1010 1322 1306 1434 certioribus
1321 1327 1758 1470 hypotnefibusina

270 1563 275 1572 .
349 1463 975 1612 nixaprofluereposient,
1004 1469 1754 1614 quamdinaotemiilaperlegia

306 1623 308 1627 ’
354 1607 1754 1753 rimamdemonstrationemfirmasradieesnonagerent,

358 1757 546 1863 mculta
562 1753 739 1894 plane,
754 1791 812 1862 ac
830 1753 1010 1861 sterilia
1023 1757 1269 1888 jacerent.
1309 1753 1373 1860 Et
1388 1759 1594 1897 proprio
1610 1759 1761 1896 igitur

358 1899 530 2040 genio,
545 1903 904 2007 &Amicorum
928 1893 1512 2030 iiimttlisaccede'ntibuu,
1524 1902 1642 2007 utin
1664 1897 1762 2004 Lo·

356 2040 541 2184 gistie'ae
561 2042 924 2185 Proprietatom
951 2039 1011 2144 ab
1029 2041 1265 2178 Hogeuio
1287 2045 1648 2184 propositorum
1673 2077 1758 2147 nea

355 2190 555 2294 ritatem
572 2187 891 2328 inquirerem,
906 2183 970 2288 de
982 2185 1156 2288 iisdem
1173 2191 1402 2290 accurate
1418 2183 1758 2296 demonstran·

358 2329 678 2470 discogitare
699 2330 857 2470 coepi.
897 2327 1268 2466 Qtodquidem
1286 2324 1760 2472 foeiiciits‚qobmab

359 2473 503 2578 initio
524 2472 864 2612 speraveram,
887 2467 1330 2598 deindesucceffit,
1346 2507 1605 2612 paucarum
1622 2472 1760 2613 quip-

363 2650 425 2757 pe
441 2615 676 2723 horarum
692 2616 1049 2742 meditatione,
1074 2617 1188 2720 odio
1203 2617 1422 2747 priorum
1446 2614 1761 2716 Theotet'ua-

358 2788 463 2864 tum
491 2755 699 2896 (quinto
715 2767 964 2898 excepto,
987 2750 1760 2895 quodabstrustoremsrbiposcess

359 2899 714 3039 reindaginem
728 2899 1052 3043 provideram
1073 2898 1095 3038 )
1120 2895 1595 3005 demonstrationem
1618 2899 1761 3006 inve·
1801 2985 1805 2994 .

360 3047 443 3169 ni,
469 3040 563 3148 nec
578 3039 1052 3184 multispost'diebns
1076 3042 1267 3182 reliqua
1287 3042 1452 3146 omnio
1476 3043 1761 3171 enucleavi,
1803 3125 1807 3133 .

362 3213 541 3325 praeter
557 3185 940 3313 duodecimum,
965 3185 1417 3289 tertiumdecimum
1434 3193 1518 3315 ,ac
1530 3186 1758 3326 quintum

361 3336 456 3466 jam
472 3327 532 3432 ab
547 3329 691 3439 initio
706 3325 1252 3467 intermissum,quoturu
1267 3326 1478 3457 Veritas,
1492 3358 1545 3432 ut
1560 3332 1760 3468 inaper-

363 3499 464 3574 tam
484 3471 760 3594 ducemne}
775 3471 872 3610 ipsa
886 3469 1057 3611 sponte
1072 3469 1316 3609 prodiret,
1336 3474 1414 3577 vel
1431 3469 1576 3576 educi
1598 3469 1643 3574 se
1662 3507 1765 3578 nott

365 3612 815 3751 inritapatet'etur,
841 3595 1452 3752 longiorisope'rae'offieiis
1478 3614 1762 3744 inritando,

367 3757 614 3890 roganda,
634 3773 697 3864 jae
723 3757 1045 3860 tantitmnon
1073 3756 1614 3897 peruim'ertrabenda
1639 3753 1762 3886 fuit,

366 3899 664 4008 nobiliorem
680 3900 862 4039 quippe
878 3907 1073 4000 manum
1088 3895 1283 4004 fortasse
1299 3903 1522 4040 expedias
1538 3976 1552 4028 ,
1567 3896 1764 4004 obscuri

369 4041 585 4152 bominis
600 4051 809 4146 conatur
822 4037 1100 4145 refradia'ria
1120 4037 1504 4182 dedignabatur.

353 4284 357 4295 .
438 4177 1765 4324 4Sedquorsum,inquies,brantob⁷iropropositam

371 4359 806 4450 exameovocate,
832 4331 881 4430 &
905 4327 967 4428 ad
984 4326 1417 4431 demonstrationis
1443 4323 1654 4434 omuffim
1681 4365 1767 4434 ex·

358 4467 595 4618 pendete
610 4461 939 4610 oportuerat?
974 4469 1171 4609 Antron
1188 4467 1295 4575 sotis
1317 4475 1426 4576 ttttb
1449 4471 1652 4576 admitti
1679 4507 1769 4610 po-

1583 4700 1593 4716 .
1623 4640 1697 4716 te·
